
@misc{central_america_data_clasificacion_2015,
	title = {Clasificación como {MiPYMe} en {Guatemala}},
	url = {https://www.centralamericadata.com/es/article/home/Clasificacin_como_MiPYMe_en_Guatemala},
	abstract = {Definieron nuevos parámetros de clasificación para las empresas de acuerdo al número de empleados y ventas anuales.},
	urldate = {2021-09-20},
	author = {Central America Data},
	year = {2015},
}

@article{ine_guatemala_encuesta_2019,
	title = {Encuesta {Nacional} de {Empleo} e {Ingresos}},
	url = {https://www.ine.gob.gt/sistema/uploads/2020/01/15/20200115173246FCRG98JyTWVAtsV4Lmtyn43QFgTufmZg.pdf},
	urldate = {2021-01-01},
	author = {INE GUATEMALA},
	year = {2019},
}